@misc{bplans,
  name = {bplans.com},
  url          = {
  https://articles.bplans.com/how-to-launch-an-awesome-kickstarter-campaign/
  }
}








